@article{Kruesi2009Aurorae,
	title={Aurorae are not mirror images},
	author={Kruesi, L.},
	journal={Astronomy},
	volume={37},
	number={11},
	year={2009}
}

@article{aleksandrov2001poljarnye,
title={Полярные сияния},
author={Александров, Н.Л.},
journal={Соросовский образовательный журнал},
volume={7},
number={5},
year={2001}
}

@article{bulat1974opticheskie,
title={Оптические явления в природе},
author={Булат, ВЛ},
year={1974},
publisher={Просвещение}
}

@book{zvereva1988mire,
title={В мире солнечного света},
author={Зверева, С В},
year={1988},
publisher={Гидрометеоиздат}
}

@book{isaev1980poljarnye,
title={Полярные сияния},
author={Исаев, Сергей Иванович and Пушков, Николай Васильевич},
year={1980},
publisher={Книж. изд-во}
}

@article{mizun1983poljarnye,
title={Полярные сияния},
author={Мизун, Юрий Гаврилович},
year={1983},
publisher={Наука}
}

@book{mishin1989vzaimodejstvie,
title={Взаимодействие электронных потоков с ионосферной плазмой},
author={Мишин, Ружин and others},
year={1989},
publisher={Гидрометеоиздат}
}

@misc{ wiki,
	author = "Википедия",
	title = "Полярное сияние — Википедия, свободная энциклопедия",
	year = "2015",
	url = "http://ru.wikipedia.org/?oldid=75221213",
	note = "[Online; accessed 10-января-2016]",
	options = {dataonly=true}
}

